{
  "leader": "03966cam a2200481Ii 4500",
  "fields": [
    {
      "001": "ocn862759943"
    },
    {
      "003": "OCoLC"
    },
    {
      "005": "20220104145525.0"
    },
    {
      "008": "130918r20122014enka\\\\\\\\\\b\\\\\\\\001\\0\\eng\\d"
    },
    {
      "040": {
        "ind1": "\\",
        "ind2": "\\",
        "subfields": [
          {
            "a": "UKMGB"
          },
          {
            "b": "eng"
          },
          {
            "e": "rda"
          },
          {
            "c": "UKMGB"
          },
          {
            "d": "OCLCO"
          },
          {
            "d": "BDX"
          },
          {
            "d": "CDX"
          },
          {
            "d": "CUV"
          },
          {
            "d": "OCLCO"
          },
          {
            "d": "OCLCF"
          },
          {
            "d": "YDXCP"
          },
          {
            "d": "S3O"
          },
          {
            "d": "OCLCQ"
          },
          {
            "d": "OCL"
          },
          {
            "d": "IPS"
          },
          {
            "d": "UEJ"
          },
          {
            "d": "UKMGB"
          },
          {
            "d": "UPM"
          },
          {
            "d": "OCLCO"
          }
        ]
      }
    },
    {
      "015": {
        "ind1": "\\",
        "ind2": "\\",
        "subfields": [
          {
            "a": "GBB3A1571"
          },
          {
            "2": "bnb"
          }
        ]
      }
    },
    {
      "016": {
        "ind1": "7",
        "ind2": "\\",
        "subfields": [
          {
            "a": "016537262"
          },
          {
            "2": "Uk"
          }
        ]
      }
    },
    {
      "019": {
        "ind1": "\\",
        "ind2": "\\",
        "subfields": [
          {
            "a": "857967085"
          }
        ]
      }
    },
    {
      "020": {
        "ind1": "\\",
        "ind2": "\\",
        "subfields": [
          {
            "a": "9781137388353"
          },
          {
            "q": "(paperback)"
          }
        ]
      }
    },
    {
      "020": {
        "ind1": "\\",
        "ind2": "\\",
        "subfields": [
          {
            "a": "1137388358"
          },
          {
            "q": "(paperback)"
          }
        ]
      }
    },
    {
      "035": {
        "ind1": "\\",
        "ind2": "\\",
        "subfields": [
          {
            "a": "(OCoLC)862759943"
          },
          {
            "z": "(OCoLC)857967085"
          }
        ]
      }
    },
    {
      "043": {
        "ind1": "\\",
        "ind2": "\\",
        "subfields": [
          {
            "a": "n-us---"
          }
        ]
      }
    },
    {
      "050": {
        "ind1": "\\",
        "ind2": "4",
        "subfields": [
          {
            "a": "H62.5.U5"
          },
          {
            "b": "C625 2014"
          }
        ]
      }
    },
    {
      "082": {
        "ind1": "0",
        "ind2": "4",
        "subfields": [
          {
            "a": "300.72073"
          },
          {
            "b": "COL"
          }
        ]
      }
    },
    {
      "245": {
        "ind1": "0",
        "ind2": "0",
        "subfields": [
          {
            "a": "Cold War social science :"
          },
          {
            "b": "knowledge production, liberal democracy, and human nature /"
          },
          {
            "c": "edited by Mark Solovey and Hamilton Cravens."
          }
        ]
      }
    },
    {
      "250": {
        "ind1": "\\",
        "ind2": "\\",
        "subfields": [
          {
            "a": "First Palgrave Macmillan paperback edition."
          }
        ]
      }
    },
    {
      "264": {
        "ind1": "\\",
        "ind2": "1",
        "subfields": [
          {
            "a": "Basingstoke :"
          },
          {
            "b": "Palgrave Macmillan,"
          },
          {
            "c": "2014."
          }
        ]
      }
    },
    {
      "264": {
        "ind1": "\\",
        "ind2": "4",
        "subfields": [
          {
            "c": "\u00a92012"
          }
        ]
      }
    },
    {
      "300": {
        "ind1": "\\",
        "ind2": "\\",
        "subfields": [
          {
            "a": "xv, 270 pages :"
          },
          {
            "b": "illustrations ;"
          },
          {
            "c": "22 cm"
          }
        ]
      }
    },
    {
      "336": {
        "ind1": "\\",
        "ind2": "\\",
        "subfields": [
          {
            "a": "text"
          },
          {
            "b": "txt"
          },
          {
            "2": "rdacontent"
          }
        ]
      }
    },
    {
      "337": {
        "ind1": "\\",
        "ind2": "\\",
        "subfields": [
          {
            "a": "unmediated"
          },
          {
            "b": "n"
          },
          {
            "2": "rdamedia"
          }
        ]
      }
    },
    {
      "338": {
        "ind1": "\\",
        "ind2": "\\",
        "subfields": [
          {
            "a": "volume"
          },
          {
            "b": "nc"
          },
          {
            "2": "rdacarrier"
          }
        ]
      }
    },
    {
      "500": {
        "ind1": "\\",
        "ind2": "\\",
        "subfields": [
          {
            "a": "Originally published: 2012."
          }
        ]
      }
    },
    {
      "504": {
        "ind1": "\\",
        "ind2": "\\",
        "subfields": [
          {
            "a": "Includes bibliographical references and index."
          }
        ]
      }
    },
    {
      "505": {
        "ind1": "0",
        "ind2": "\\",
        "subfields": [
          {
            "a": "Foreword: positioning social science in Cold War America / Theodore M. Porter --  Cold War social science: spectre, reality, or useful concept? / Mark Solovey --  Knowledge Production. The rise and fall of wartime social science: Harvard's Refugee Interview Project, 1950-1954 / David C. Engerman -- Futures studies: a new social science rooted in Cold War strategic thinking / Kaya Tolon -- 'It was All Connected': computers and linguistics in early Cold War America / Janet Martin-Nielsen -- Epistemic design: theory and data in Harvard's Department of Social Relations / Joel Isaac --  Liberal Democracy.  Producing reason / Hunter Heyck -- Column right, march! nationalism, scientific positivism, and the conservative rurn of the American social sciences in the Cold War Era / Hamilton Cravens -- From expert democracy to Beltway banditry: how the antiwar movement expanded the military-academic-industrial complex / Joy Rohde -- Neo-evolutionist anthropology, the Cold War, and the beginnings of the world turn in U.S. scholarship / Howard Brick --  Human Nature. Maintaining humans / Edward Jones-Imhotep -- Psychology, psychologists, and the creativity movement: the lives of method inside and outside the Cold War / Michael Bycroft -- An anthropologist on TV:  Ashley Montagu and the biological basis of human nature, 1945-1960 / Nadine Weidman -- Cold War emotions: mother love and the war over human nature / Marga Vicedo."
          }
        ]
      }
    },
    {
      "520": {
        "ind1": "\\",
        "ind2": "\\",
        "subfields": [
          {
            "a": "\"From World War II to the early 1970s, social science research expanded in dramatic and unprecedented fashion in the United States, which became the world's acknowledged leader in the field. This volume examines how, why, and with what consequences this rapid and yet contested expansion depended on the entanglement of the social sciences with the Cold War. Utilizing the controversial but useful concept of \"Cold War Social Science,\" the contributions gathered here reveal how scholars from established disciplines and new interdisciplinary fields of study made important contributions to long-standing debates about knowledge production, liberal democracy, and human nature in an era of diplomatic tension and ideological conflict\"--"
          },
          {
            "c": "Provided by publisher."
          }
        ]
      }
    },
    {
      "650": {
        "ind1": "\\",
        "ind2": "0",
        "subfields": [
          {
            "a": "Social sciences"
          },
          {
            "x": "Research"
          },
          {
            "z": "United States"
          },
          {
            "x": "History."
          }
        ]
      }
    },
    {
      "650": {
        "ind1": "\\",
        "ind2": "0",
        "subfields": [
          {
            "a": "World politics"
          },
          {
            "y": "1945-1989."
          }
        ]
      }
    },
    {
      "650": {
        "ind1": "\\",
        "ind2": "7",
        "subfields": [
          {
            "a": "Social sciences"
          },
          {
            "x": "Research."
          },
          {
            "2": "fast"
          },
          {
            "0": "(OCoLC)fst01122944"
          }
        ]
      }
    },
    {
      "650": {
        "ind1": "\\",
        "ind2": "7",
        "subfields": [
          {
            "a": "World politics."
          },
          {
            "2": "fast"
          },
          {
            "0": "(OCoLC)fst01181381"
          }
        ]
      }
    },
    {
      "651": {
        "ind1": "\\",
        "ind2": "7",
        "subfields": [
          {
            "a": "United States."
          },
          {
            "2": "fast"
          },
          {
            "0": "(OCoLC)fst01204155"
          }
        ]
      }
    },
    {
      "648": {
        "ind1": "\\",
        "ind2": "7",
        "subfields": [
          {
            "a": "1945-1989"
          },
          {
            "2": "fast"
          }
        ]
      }
    },
    {
      "655": {
        "ind1": "\\",
        "ind2": "7",
        "subfields": [
          {
            "a": "History."
          },
          {
            "2": "fast"
          },
          {
            "0": "(OCoLC)fst01411628"
          }
        ]
      }
    },
    {
      "700": {
        "ind1": "1",
        "ind2": "\\",
        "subfields": [
          {
            "a": "Solovey, Mark,"
          },
          {
            "d": "1964-"
          },
          {
            "e": "editor."
          }
        ]
      }
    },
    {
      "700": {
        "ind1": "1",
        "ind2": "\\",
        "subfields": [
          {
            "a": "Cravens, Hamilton,"
          },
          {
            "e": "editor."
          }
        ]
      }
    },
    {
      "994": {
        "ind1": "\\",
        "ind2": "\\",
        "subfields": [
          {
            "a": "Z0"
          },
          {
            "b": "NYRVC"
          }
        ]
      }
    },
    {
      "948": {
        "ind1": "\\",
        "ind2": "\\",
        "subfields": [
          {
            "h": "NO HOLDINGS IN NYRVC - 23 OTHER HOLDINGS"
          }
        ]
      }
    },
    {
      "999": {
        "ind1": "\\",
        "ind2": "\\",
        "subfields": [
          {
            "a": "No barcode."
          }
        ]
      }
    }
  ]
}